[gd_scene load_steps=14 format=3 uid="uid://bru5qgip8pxiw"]

[ext_resource type="Script" path="res://Nodes/Summons/summon.gd" id="1_rie6l"]
[ext_resource type="Script" path="res://Nodes/Core/Target.gd" id="2_wb2v1"]
[ext_resource type="Script" path="res://Nodes/Core/Health.gd" id="3_v3bix"]
[ext_resource type="Script" path="res://Nodes/Summons/SummonAnimationManager.gd" id="4_424te"]
[ext_resource type="PackedScene" uid="uid://mncw18lnfsgp" path="res://Nodes/AttackPatterns/round_robin_attack_pattern.tscn" id="6_ptpme"]
[ext_resource type="Script" path="res://Nodes/Attacks/RangedAttack.gd" id="8_84sgf"]
[ext_resource type="Script" path="res://Nodes/Core/AttackEffect.gd" id="8_dhfum"]
[ext_resource type="Script" path="res://Nodes/Attacks/BasicAttack.gd" id="9_8ixmf"]
[ext_resource type="PackedScene" uid="uid://csg0o6y0hd4q6" path="res://Art/VFX/Simple_Hit_VFX.tscn" id="9_8ub6m"]
[ext_resource type="PackedScene" uid="uid://dkxnol6588ei2" path="res://Nodes/Projectiles/basic_projectile.tscn" id="9_bnpy8"]
[ext_resource type="Script" path="res://Nodes/TargetingPattern/ClosestEnemyTargetingPattern.gd" id="10_5g6as"]
[ext_resource type="PackedScene" uid="uid://3bjkhb08exk1" path="res://Art/Creatures/Chimeras/nose_mouth.tscn" id="10_drr3b"]

[sub_resource type="CapsuleShape3D" id="CapsuleShape3D_dirut"]
radius = 0.8282

[node name="Blarch" type="CharacterBody3D"]
script = ExtResource("1_rie6l")
movement_speed = 6.0
powerLevel = 2

[node name="CollisionShape3D" type="CollisionShape3D" parent="."]
transform = Transform3D(1, 0, 0, 0, 1, 0, 0, 0, 1, 0, 1, 0)
shape = SubResource("CapsuleShape3D_dirut")

[node name="Target" type="Node3D" parent="."]
script = ExtResource("2_wb2v1")

[node name="Health" type="Node" parent="Target"]
script = ExtResource("3_v3bix")

[node name="NavigationAgent3D" type="NavigationAgent3D" parent="."]
radius = 0.6
neighbor_distance = 5.0
max_neighbors = 20
keep_y_velocity = false

[node name="SummonAnimationManager" type="Node" parent="."]
script = ExtResource("4_424te")
idle_name = "chimera_idle"
move_name = "chimera_walk"

[node name="RoundRobinAttackPattern" parent="." instance=ExtResource("6_ptpme")]

[node name="BasicAttack" type="Node" parent="RoundRobinAttackPattern" node_paths=PackedStringArray("self_target")]
script = ExtResource("9_8ixmf")
_range = 3.0
_base_damage = 2
self_target = NodePath("../../Target")
animation_name = "chimera_attack"

[node name="ClosestEnemyTargetingPattern" type="Node" parent="RoundRobinAttackPattern/BasicAttack"]
script = ExtResource("10_5g6as")

[node name="AttackEffect" type="Node" parent="RoundRobinAttackPattern/BasicAttack"]
script = ExtResource("8_dhfum")
target_effect = ExtResource("9_8ub6m")

[node name="RangedAttack" type="Node" parent="RoundRobinAttackPattern" node_paths=PackedStringArray("self_target")]
script = ExtResource("8_84sgf")
projectile_scene = ExtResource("9_bnpy8")
_range = 10.0
_cooldown = 5.0
self_target = NodePath("../../Target")
animation_name = "chimera_attack"

[node name="ClosestEnemyTargetingPattern" type="Node" parent="RoundRobinAttackPattern/RangedAttack"]
script = ExtResource("10_5g6as")

[node name="AttackEffect" type="Node" parent="RoundRobinAttackPattern/RangedAttack"]
script = ExtResource("8_dhfum")
target_effect = ExtResource("9_8ub6m")

[node name="full-chimera" parent="." groups=["SummonModel"] instance=ExtResource("10_drr3b")]
