[gd_scene load_steps=18 format=3 uid="uid://dldw8iti5ui80"]

[ext_resource type="Script" path="res://Nodes/Summons/summon.gd" id="1_igj3f"]
[ext_resource type="Script" path="res://Nodes/Core/Target.gd" id="2_l17tq"]
[ext_resource type="Script" path="res://Nodes/Core/Health.gd" id="3_mnelb"]
[ext_resource type="Script" path="res://Nodes/Summons/SummonAnimationManager.gd" id="4_2kvh4"]
[ext_resource type="PackedScene" uid="uid://mncw18lnfsgp" path="res://Nodes/AttackPatterns/round_robin_attack_pattern.tscn" id="6_6xyfj"]
[ext_resource type="Script" path="res://Nodes/Attacks/BasicHeal.gd" id="7_wblwm"]
[ext_resource type="Script" path="res://Nodes/TargetingPattern/LowestHpAllyTargetingPattern.gd" id="8_5ry5h"]
[ext_resource type="Script" path="res://Nodes/Core/AttackEffect.gd" id="8_26vej"]
[ext_resource type="Script" path="res://Nodes/Attacks/BasicAttack.gd" id="9_cs3da"]
[ext_resource type="PackedScene" uid="uid://db6egs4iek8ee" path="res://Art/VFX/healingVFX.tscn" id="9_t5wf8"]
[ext_resource type="Script" path="res://Nodes/TargetingPattern/ClosestEnemyTargetingPattern.gd" id="10_gsop3"]
[ext_resource type="Script" path="res://Nodes/Attacks/RangedAttack.gd" id="10_oiyau"]
[ext_resource type="PackedScene" uid="uid://dkxnol6588ei2" path="res://Nodes/Projectiles/basic_projectile.tscn" id="11_b5sb5"]
[ext_resource type="PackedScene" uid="uid://qrnit0dsnx5a" path="res://Art/Creatures/God/God.tscn" id="12_jfora"]
[ext_resource type="PackedScene" uid="uid://cp0c82a4ojper" path="res://Art/VFX/GodAttack.tscn" id="12_qved3"]
[ext_resource type="PackedScene" uid="uid://csg0o6y0hd4q6" path="res://Art/VFX/Simple_Hit_VFX.tscn" id="13_evo27"]

[sub_resource type="CapsuleShape3D" id="CapsuleShape3D_dirut"]
radius = 0.8282

[node name="God" type="CharacterBody3D"]
script = ExtResource("1_igj3f")
movement_speed = 6.0
powerLevel = 2

[node name="CollisionShape3D" type="CollisionShape3D" parent="."]
transform = Transform3D(1, 0, 0, 0, 1, 0, 0, 0, 1, 0, 1, 0)
shape = SubResource("CapsuleShape3D_dirut")

[node name="Target" type="Node3D" parent="."]
script = ExtResource("2_l17tq")

[node name="Health" type="Node" parent="Target"]
script = ExtResource("3_mnelb")
max_health = 200

[node name="NavigationAgent3D" type="NavigationAgent3D" parent="."]
radius = 0.6
neighbor_distance = 5.0
max_neighbors = 20
keep_y_velocity = false

[node name="SummonAnimationManager" type="Node" parent="."]
script = ExtResource("4_2kvh4")
idle_name = "god_walk"
move_name = "god_walk"

[node name="RoundRobinAttackPattern" parent="." instance=ExtResource("6_6xyfj")]

[node name="BasicHeal" type="Node" parent="RoundRobinAttackPattern"]
script = ExtResource("7_wblwm")
_range = 20.0
animation_name = "god_attack"

[node name="LowestHpAllyTargetingPattern" type="Node" parent="RoundRobinAttackPattern/BasicHeal"]
script = ExtResource("8_5ry5h")

[node name="AttackEffect" type="Node" parent="RoundRobinAttackPattern/BasicHeal"]
script = ExtResource("8_26vej")
target_effect = ExtResource("9_t5wf8")

[node name="BasicAttack" type="Node" parent="RoundRobinAttackPattern" node_paths=PackedStringArray("self_target")]
script = ExtResource("9_cs3da")
_range = 8.0
_base_damage = 2
self_target = NodePath("../../Target")
animation_name = "god_attack"

[node name="ClosestEnemyTargetingPattern" type="Node" parent="RoundRobinAttackPattern/BasicAttack"]
script = ExtResource("10_gsop3")

[node name="AttackEffect" type="Node" parent="RoundRobinAttackPattern/BasicAttack"]
script = ExtResource("8_26vej")
target_effect = ExtResource("12_qved3")

[node name="BasicAttack2" type="Node" parent="RoundRobinAttackPattern" node_paths=PackedStringArray("self_target")]
script = ExtResource("9_cs3da")
_range = 12.0
_cooldown = 4.0
_base_damage = 8
self_target = NodePath("../../Target")
animation_name = "god_attack"

[node name="ClosestEnemyTargetingPattern" type="Node" parent="RoundRobinAttackPattern/BasicAttack2"]
script = ExtResource("10_gsop3")

[node name="AttackEffect" type="Node" parent="RoundRobinAttackPattern/BasicAttack2"]
script = ExtResource("8_26vej")
target_effect = ExtResource("13_evo27")

[node name="RangedAttack" type="Node" parent="RoundRobinAttackPattern" node_paths=PackedStringArray("self_target")]
script = ExtResource("10_oiyau")
projectile_scene = ExtResource("11_b5sb5")
_range = 20.0
_cooldown = 5.0
self_target = NodePath("../../Target")
animation_name = "god_attack"

[node name="ClosestEnemyTargetingPattern" type="Node" parent="RoundRobinAttackPattern/RangedAttack"]
script = ExtResource("10_gsop3")

[node name="AttackEffect" type="Node" parent="RoundRobinAttackPattern/RangedAttack"]
script = ExtResource("8_26vej")
target_effect = ExtResource("13_evo27")

[node name="god" parent="." groups=["SummonModel"] instance=ExtResource("12_jfora")]
