[gd_scene load_steps=17 format=3 uid="uid://dncb1dpcrc22f"]

[ext_resource type="Script" path="res://Nodes/Summons/summon.gd" id="1_dnrb2"]
[ext_resource type="Script" path="res://Nodes/Core/Target.gd" id="2_8qkpj"]
[ext_resource type="Script" path="res://Nodes/Core/Health.gd" id="3_y6dta"]
[ext_resource type="Script" path="res://Nodes/Summons/SummonAnimationManager.gd" id="4_uw1fd"]
[ext_resource type="PackedScene" uid="uid://mncw18lnfsgp" path="res://Nodes/AttackPatterns/round_robin_attack_pattern.tscn" id="6_1e7a4"]
[ext_resource type="Script" path="res://Nodes/Attacks/BasicHeal.gd" id="7_my806"]
[ext_resource type="Script" path="res://Nodes/TargetingPattern/LowestHpAllyTargetingPattern.gd" id="8_m11vc"]
[ext_resource type="Script" path="res://Nodes/Core/AttackEffect.gd" id="8_tj4ix"]
[ext_resource type="PackedScene" uid="uid://db6egs4iek8ee" path="res://Art/VFX/healingVFX.tscn" id="9_4qq38"]
[ext_resource type="Script" path="res://Nodes/Attacks/BasicAttack.gd" id="9_d54y6"]
[ext_resource type="Script" path="res://Nodes/TargetingPattern/ClosestEnemyTargetingPattern.gd" id="10_cwcdx"]
[ext_resource type="Script" path="res://Nodes/Attacks/RangedAttack.gd" id="10_rcmt6"]
[ext_resource type="PackedScene" uid="uid://dkxnol6588ei2" path="res://Nodes/Projectiles/basic_projectile.tscn" id="11_v5jwd"]
[ext_resource type="PackedScene" uid="uid://df78846gt5dou" path="res://Art/Creatures/Chimeras/nose_mouth_wings.tscn" id="12_karya"]
[ext_resource type="PackedScene" uid="uid://csg0o6y0hd4q6" path="res://Art/VFX/Simple_Hit_VFX.tscn" id="12_oudux"]

[sub_resource type="CapsuleShape3D" id="CapsuleShape3D_dirut"]
radius = 0.8282

[node name="Levblarch" type="CharacterBody3D"]
script = ExtResource("1_dnrb2")
movement_speed = 6.0
powerLevel = 3

[node name="CollisionShape3D" type="CollisionShape3D" parent="."]
transform = Transform3D(1, 0, 0, 0, 1, 0, 0, 0, 1, 0, 1, 0)
shape = SubResource("CapsuleShape3D_dirut")

[node name="Target" type="Node3D" parent="."]
script = ExtResource("2_8qkpj")

[node name="Health" type="Node" parent="Target"]
script = ExtResource("3_y6dta")

[node name="NavigationAgent3D" type="NavigationAgent3D" parent="."]
radius = 0.6
neighbor_distance = 5.0
max_neighbors = 20
keep_y_velocity = false

[node name="SummonAnimationManager" type="Node" parent="."]
script = ExtResource("4_uw1fd")
idle_name = "chimera_idle"
move_name = "chimera_walk"

[node name="RoundRobinAttackPattern" parent="." instance=ExtResource("6_1e7a4")]

[node name="BasicHeal" type="Node" parent="RoundRobinAttackPattern"]
script = ExtResource("7_my806")
_range = 5.0

[node name="LowestHpAllyTargetingPattern" type="Node" parent="RoundRobinAttackPattern/BasicHeal"]
script = ExtResource("8_m11vc")

[node name="AttackEffect" type="Node" parent="RoundRobinAttackPattern/BasicHeal"]
script = ExtResource("8_tj4ix")
target_effect = ExtResource("9_4qq38")

[node name="BasicAttack" type="Node" parent="RoundRobinAttackPattern" node_paths=PackedStringArray("self_target")]
script = ExtResource("9_d54y6")
_range = 3.0
_base_damage = 2
self_target = NodePath("../../Target")
animation_name = "chimera_attack"

[node name="ClosestEnemyTargetingPattern" type="Node" parent="RoundRobinAttackPattern/BasicAttack"]
script = ExtResource("10_cwcdx")

[node name="AttackEffect" type="Node" parent="RoundRobinAttackPattern/BasicAttack"]
script = ExtResource("8_tj4ix")
target_effect = ExtResource("12_oudux")

[node name="RangedAttack" type="Node" parent="RoundRobinAttackPattern" node_paths=PackedStringArray("self_target")]
script = ExtResource("10_rcmt6")
projectile_scene = ExtResource("11_v5jwd")
_range = 10.0
_cooldown = 5.0
self_target = NodePath("../../Target")
animation_name = "snorch_attack"

[node name="ClosestEnemyTargetingPattern" type="Node" parent="RoundRobinAttackPattern/RangedAttack"]
script = ExtResource("10_cwcdx")

[node name="AttackEffect" type="Node" parent="RoundRobinAttackPattern/RangedAttack"]
script = ExtResource("8_tj4ix")
target_effect = ExtResource("12_oudux")

[node name="full-chimera" parent="." groups=["SummonModel"] instance=ExtResource("12_karya")]
