[gd_scene load_steps=15 format=3 uid="uid://dt2y26i5l3klk"]

[ext_resource type="Script" path="res://Nodes/Summons/summon.gd" id="1_3vfdu"]
[ext_resource type="Script" path="res://Nodes/Core/Target.gd" id="2_vodle"]
[ext_resource type="Script" path="res://Nodes/Core/Health.gd" id="3_rb4by"]
[ext_resource type="Script" path="res://Nodes/Summons/SummonAnimationManager.gd" id="4_mvoax"]
[ext_resource type="PackedScene" uid="uid://mncw18lnfsgp" path="res://Nodes/AttackPatterns/round_robin_attack_pattern.tscn" id="6_ilvwt"]
[ext_resource type="Script" path="res://Nodes/Attacks/BasicHeal.gd" id="7_t85x0"]
[ext_resource type="Script" path="res://Nodes/TargetingPattern/LowestHpAllyTargetingPattern.gd" id="8_e4uch"]
[ext_resource type="Script" path="res://Nodes/Core/AttackEffect.gd" id="8_t6nsp"]
[ext_resource type="PackedScene" uid="uid://db6egs4iek8ee" path="res://Art/VFX/healingVFX.tscn" id="9_5swkd"]
[ext_resource type="Script" path="res://Nodes/Attacks/BasicAttack.gd" id="9_k85ba"]
[ext_resource type="PackedScene" uid="uid://dt0kt5i8eyy1l" path="res://Art/Creatures/Chimeras/eyes_wings.tscn" id="10_naiot"]
[ext_resource type="Script" path="res://Nodes/TargetingPattern/ClosestEnemyTargetingPattern.gd" id="10_xpb6o"]
[ext_resource type="PackedScene" uid="uid://csg0o6y0hd4q6" path="res://Art/VFX/Simple_Hit_VFX.tscn" id="12_fq26k"]

[sub_resource type="CapsuleShape3D" id="CapsuleShape3D_dirut"]
radius = 0.8282

[node name="Levtro" type="CharacterBody3D"]
script = ExtResource("1_3vfdu")
movement_speed = 6.0
powerLevel = 2

[node name="CollisionShape3D" type="CollisionShape3D" parent="."]
transform = Transform3D(1, 0, 0, 0, 1, 0, 0, 0, 1, 0, 1, 0)
shape = SubResource("CapsuleShape3D_dirut")

[node name="Target" type="Node3D" parent="."]
script = ExtResource("2_vodle")

[node name="Health" type="Node" parent="Target"]
script = ExtResource("3_rb4by")

[node name="NavigationAgent3D" type="NavigationAgent3D" parent="."]
radius = 0.6
neighbor_distance = 5.0
max_neighbors = 20
keep_y_velocity = false

[node name="SummonAnimationManager" type="Node" parent="."]
script = ExtResource("4_mvoax")
idle_name = "snoblar_walk"
move_name = "snoblar_walk"

[node name="RoundRobinAttackPattern" parent="." instance=ExtResource("6_ilvwt")]

[node name="BasicHeal" type="Node" parent="RoundRobinAttackPattern"]
script = ExtResource("7_t85x0")
_range = 5.0

[node name="LowestHpAllyTargetingPattern" type="Node" parent="RoundRobinAttackPattern/BasicHeal"]
script = ExtResource("8_e4uch")

[node name="AttackEffect" type="Node" parent="RoundRobinAttackPattern/BasicHeal"]
script = ExtResource("8_t6nsp")
target_effect = ExtResource("9_5swkd")

[node name="BasicAttack" type="Node" parent="RoundRobinAttackPattern" node_paths=PackedStringArray("self_target")]
script = ExtResource("9_k85ba")
_range = 6.0
_cooldown = 4.0
_base_damage = 8
self_target = NodePath("../../Target")
animation_name = "trocto_attack"

[node name="ClosestEnemyTargetingPattern" type="Node" parent="RoundRobinAttackPattern/BasicAttack"]
script = ExtResource("10_xpb6o")

[node name="AttackEffect" type="Node" parent="RoundRobinAttackPattern/BasicAttack"]
script = ExtResource("8_t6nsp")
target_effect = ExtResource("12_fq26k")

[node name="full-chimera" parent="." groups=["SummonModel"] instance=ExtResource("10_naiot")]
