[gd_scene load_steps=11 format=3 uid="uid://b7agexccvqqv8"]

[ext_resource type="Script" path="res://Nodes/Summons/summon.gd" id="1_fnefw"]
[ext_resource type="PackedScene" uid="uid://brw6k46dxu76u" path="res://Art/Creatures/Levturn/levturn.tscn" id="2_bhv5o"]
[ext_resource type="PackedScene" uid="uid://dbxvjhb4dl5ee" path="res://Art/VFX/deathVFX.tscn" id="2_flu71"]
[ext_resource type="Script" path="res://Nodes/AttackPatterns/SingleAttackPattern.gd" id="5_0uwbr"]
[ext_resource type="Script" path="res://Nodes/Core/Target.gd" id="6_lctkw"]
[ext_resource type="Script" path="res://Nodes/Attacks/BasicHeal.gd" id="6_mxn7f"]
[ext_resource type="Script" path="res://Nodes/Core/Health.gd" id="7_6ej2f"]
[ext_resource type="Script" path="res://Nodes/TargetingPattern/LowestHpAllyTargetingPattern.gd" id="7_jpldm"]
[ext_resource type="Script" path="res://Nodes/Summons/SummonAnimationManager.gd" id="8_xxsag"]

[sub_resource type="CapsuleShape3D" id="CapsuleShape3D_dirut"]

[node name="Levturn" type="CharacterBody3D"]
script = ExtResource("1_fnefw")
movement_speed = 6.0
on_death_effect = ExtResource("2_flu71")

[node name="Levturn" parent="." groups=["SummonModel"] instance=ExtResource("2_bhv5o")]

[node name="CollisionShape3D" type="CollisionShape3D" parent="."]
transform = Transform3D(1, 0, 0, 0, 1, 0, 0, 0, 1, 0, 1, 0)
shape = SubResource("CapsuleShape3D_dirut")

[node name="Target" type="Node3D" parent="."]
script = ExtResource("6_lctkw")

[node name="Health" type="Node" parent="Target"]
script = ExtResource("7_6ej2f")

[node name="NavigationAgent3D" type="NavigationAgent3D" parent="."]
radius = 0.6
neighbor_distance = 5.0
max_neighbors = 20
keep_y_velocity = false

[node name="SingleAttackPattern" type="Node" parent="."]
script = ExtResource("5_0uwbr")

[node name="BasicHeal" type="Node" parent="SingleAttackPattern"]
script = ExtResource("6_mxn7f")
_range = 4.0
animation_name = "levturn_heal"

[node name="LowestHpAllyTargetingPattern" type="Node" parent="SingleAttackPattern/BasicHeal"]
script = ExtResource("7_jpldm")

[node name="SummonAnimationManager" type="Node" parent="."]
script = ExtResource("8_xxsag")
idle_name = "levturn_walk"
move_name = "levturn_walk"
