[gd_scene load_steps=12 format=3 uid="uid://06exmo1lhlww"]

[ext_resource type="Script" path="res://Nodes/Summons/summon.gd" id="1_q6cu6"]
[ext_resource type="PackedScene" uid="uid://bpdg3ghxwwlmb" path="res://Art/Creatures/Snorch/snorch.tscn" id="2_2n1mk"]
[ext_resource type="PackedScene" uid="uid://dbxvjhb4dl5ee" path="res://Art/VFX/deathVFX.tscn" id="2_sjhx0"]
[ext_resource type="Script" path="res://Nodes/TargetingPattern/ClosestEnemyTargetingPattern.gd" id="5_digvv"]
[ext_resource type="Script" path="res://Nodes/AttackPatterns/SingleAttackPattern.gd" id="5_w1lrf"]
[ext_resource type="Script" path="res://Nodes/Core/Target.gd" id="6_5ugc0"]
[ext_resource type="Script" path="res://Nodes/Attacks/RangedAttack.gd" id="6_yxgyt"]
[ext_resource type="Script" path="res://Nodes/Core/Health.gd" id="7_4fm7h"]
[ext_resource type="PackedScene" uid="uid://dkxnol6588ei2" path="res://Nodes/Projectiles/basic_projectile.tscn" id="7_rvdr7"]
[ext_resource type="Script" path="res://Nodes/Summons/SummonAnimationManager.gd" id="9_a3ahu"]

[sub_resource type="CapsuleShape3D" id="CapsuleShape3D_dirut"]

[node name="Snortch" type="CharacterBody3D"]
script = ExtResource("1_q6cu6")
movement_speed = 16.0
on_death_effect = ExtResource("2_sjhx0")

[node name="snorch" parent="." groups=["SummonModel"] instance=ExtResource("2_2n1mk")]

[node name="CollisionShape3D" type="CollisionShape3D" parent="."]
transform = Transform3D(1, 0, 0, 0, 1, 0, 0, 0, 1, 0, 1, 0)
shape = SubResource("CapsuleShape3D_dirut")

[node name="Target" type="Node3D" parent="."]
script = ExtResource("6_5ugc0")

[node name="Health" type="Node" parent="Target"]
script = ExtResource("7_4fm7h")

[node name="NavigationAgent3D" type="NavigationAgent3D" parent="."]
avoidance_enabled = true
radius = 0.6
neighbor_distance = 5.0
max_neighbors = 4

[node name="SingleAttackPattern" type="Node" parent="."]
script = ExtResource("5_w1lrf")

[node name="RangedAttack" type="Node" parent="SingleAttackPattern" node_paths=PackedStringArray("self_target")]
script = ExtResource("6_yxgyt")
projectile_scene = ExtResource("7_rvdr7")
_range = 10.0
_cooldown = 5.0
self_target = NodePath("../../Target")
animation_name = "snorch_attack"

[node name="ClosestEnemyTargetingPattern" type="Node" parent="SingleAttackPattern/RangedAttack"]
script = ExtResource("5_digvv")

[node name="SummonAnimationManager" type="Node" parent="."]
script = ExtResource("9_a3ahu")
idle_name = "snorch_walk"
move_name = "snorch_walk"
