[gd_scene load_steps=13 format=3 uid="uid://n0k1ofei7fmt"]

[ext_resource type="Script" path="res://Nodes/Summons/summon.gd" id="1_1f5il"]
[ext_resource type="PackedScene" uid="uid://dbxvjhb4dl5ee" path="res://Art/VFX/deathVFX.tscn" id="2_efelt"]
[ext_resource type="Script" path="res://Nodes/Core/Target.gd" id="2_j2br2"]
[ext_resource type="Script" path="res://Nodes/Core/Health.gd" id="3_n5781"]
[ext_resource type="Script" path="res://Nodes/Summons/SummonAnimationManager.gd" id="4_iflpr"]
[ext_resource type="PackedScene" uid="uid://mncw18lnfsgp" path="res://Nodes/AttackPatterns/round_robin_attack_pattern.tscn" id="5_pomx4"]
[ext_resource type="Script" path="res://Nodes/Attacks/BasicAttack.gd" id="6_cd88p"]
[ext_resource type="Script" path="res://Nodes/TargetingPattern/ClosestEnemyTargetingPattern.gd" id="7_oaf0h"]
[ext_resource type="Script" path="res://Nodes/Attacks/RangedAttack.gd" id="8_7cqhf"]
[ext_resource type="PackedScene" uid="uid://dkxnol6588ei2" path="res://Nodes/Projectiles/basic_projectile.tscn" id="9_g373o"]
[ext_resource type="PackedScene" uid="uid://dmuj2fovmoqn0" path="res://Art/Creatures/Chimeras/nose_mouth_eyes.tscn" id="10_ma068"]

[sub_resource type="CapsuleShape3D" id="CapsuleShape3D_dirut"]
radius = 0.8282

[node name="Troblarch" type="CharacterBody3D"]
script = ExtResource("1_1f5il")
movement_speed = 6.0
powerLevel = 3
on_death_effect = ExtResource("2_efelt")

[node name="CollisionShape3D" type="CollisionShape3D" parent="."]
transform = Transform3D(1, 0, 0, 0, 1, 0, 0, 0, 1, 0, 1, 0)
shape = SubResource("CapsuleShape3D_dirut")

[node name="Target" type="Node3D" parent="."]
script = ExtResource("2_j2br2")

[node name="Health" type="Node" parent="Target"]
script = ExtResource("3_n5781")

[node name="NavigationAgent3D" type="NavigationAgent3D" parent="."]
radius = 0.6
neighbor_distance = 5.0
max_neighbors = 20
keep_y_velocity = false

[node name="SummonAnimationManager" type="Node" parent="."]
script = ExtResource("4_iflpr")
idle_name = "chimera_idle"
move_name = "chimera_walk"

[node name="RoundRobinAttackPattern" parent="." instance=ExtResource("5_pomx4")]

[node name="BasicAttack" type="Node" parent="RoundRobinAttackPattern" node_paths=PackedStringArray("self_target")]
script = ExtResource("6_cd88p")
_range = 3.0
_base_damage = 2
self_target = NodePath("../../Target")
animation_name = "chimera_attack"

[node name="ClosestEnemyTargetingPattern" type="Node" parent="RoundRobinAttackPattern/BasicAttack"]
script = ExtResource("7_oaf0h")

[node name="BasicAttack2" type="Node" parent="RoundRobinAttackPattern" node_paths=PackedStringArray("self_target")]
script = ExtResource("6_cd88p")
_range = 6.0
_cooldown = 4.0
_base_damage = 8
self_target = NodePath("../../Target")
animation_name = "chimera_attack"

[node name="ClosestEnemyTargetingPattern" type="Node" parent="RoundRobinAttackPattern/BasicAttack2"]
script = ExtResource("7_oaf0h")

[node name="RangedAttack" type="Node" parent="RoundRobinAttackPattern" node_paths=PackedStringArray("self_target")]
script = ExtResource("8_7cqhf")
projectile_scene = ExtResource("9_g373o")
_range = 10.0
_cooldown = 5.0
self_target = NodePath("../../Target")
animation_name = "chimera_attack"

[node name="ClosestEnemyTargetingPattern" type="Node" parent="RoundRobinAttackPattern/RangedAttack"]
script = ExtResource("7_oaf0h")

[node name="full-chimera" parent="." groups=["SummonModel"] instance=ExtResource("10_ma068")]
