[gd_scene load_steps=8 format=3 uid="uid://chtdkxvqbbsv2"]

[ext_resource type="PackedScene" uid="uid://dt2e25nguvee0" path="res://Art/Creatures/ChimeraTesting/full-chimera.glb" id="1_oox6d"]
[ext_resource type="Texture2D" uid="uid://b0fguun2d5ekj" path="res://Art/Creatures/ChimeraTesting/Body_BaseColor.png" id="2_ixith"]
[ext_resource type="Material" uid="uid://cphn62bwpuhpt" path="res://Art/Creatures/Snorch/Snorch.tres" id="3_vb7qr"]
[ext_resource type="Material" uid="uid://cnvaawph88fyp" path="res://Art/Creatures/Levturn/Levturn.tres" id="4_nulbd"]
[ext_resource type="Material" uid="uid://bcx54nv6itqbo" path="res://Art/Creatures/Snoblar/Snoblar.tres" id="4_y0ipx"]
[ext_resource type="Material" uid="uid://coc12efolubks" path="res://Art/Creatures/Trocto/Trocto.tres" id="5_5k77k"]

[sub_resource type="StandardMaterial3D" id="StandardMaterial3D_8nyf6"]
albedo_texture = ExtResource("2_ixith")

[node name="full-chimera" instance=ExtResource("1_oox6d")]

[node name="Skeleton3D" parent="Chimera_Armature" index="0"]
bones/2/rotation = Quaternion(-0.0518952, 0, 1.1523e-17, 0.998653)
bones/3/rotation = Quaternion(0.121325, 1.18329e-07, 1.4463e-08, 0.992613)
bones/4/rotation = Quaternion(-0.270223, 2.12174e-14, -6.44262e-08, 0.962798)
bones/6/rotation = Quaternion(0.231794, 2.41307e-14, 5.52639e-08, 0.972765)
bones/7/rotation = Quaternion(-0.557132, 0.185671, 0.318151, 0.744251)
bones/8/scale = Vector3(1, 1, 1)
bones/9/rotation = Quaternion(0.00208119, 8.14622e-12, 4.41238e-09, 0.999998)
bones/10/position = Vector3(-6.6191e-09, 0.142389, -0.000813602)
bones/11/rotation = Quaternion(-0.844748, 0.0598784, 0.0173716, 0.531519)
bones/11/scale = Vector3(1, 1, 1)
bones/12/rotation = Quaternion(0.196414, 0.0287399, 0.0553282, 0.978537)
bones/13/rotation = Quaternion(3.07945e-07, -1.33282e-07, 0.984303, -0.176489)
bones/13/scale = Vector3(1, 1, 1)
bones/14/rotation = Quaternion(1.18266e-07, -5.62157e-08, -0.000468225, 1)
bones/15/rotation = Quaternion(-4.85232e-08, 1.82166e-07, -0.113141, 0.993579)
bones/16/rotation = Quaternion(-3.07945e-07, -1.33282e-07, 0.984303, 0.176489)
bones/16/scale = Vector3(1, 1, 1)
bones/17/rotation = Quaternion(1.18266e-07, 5.62157e-08, 0.000468225, 1)
bones/18/rotation = Quaternion(-4.85232e-08, -1.82166e-07, 0.113141, 0.993579)
bones/19/rotation = Quaternion(0.706981, 0.0133485, -0.706981, -0.0133485)
bones/19/scale = Vector3(1, 1, 1)
bones/20/rotation = Quaternion(1.23658e-08, 1.96113e-09, -0.0628754, 0.998021)
bones/21/rotation = Quaternion(1.63364e-08, -3.80105e-09, -0.0838528, 0.996478)
bones/22/rotation = Quaternion(-1.1123e-07, -3.67976e-10, 0.583716, 0.811958)
bones/24/position = Vector3(-4.16939e-17, 0.252518, 0.479442)
bones/25/rotation = Quaternion(0.706981, -0.0133485, 0.706981, -0.0133485)
bones/25/scale = Vector3(1, 1, 1)
bones/26/rotation = Quaternion(1.23658e-08, -1.96113e-09, 0.0628754, 0.998021)
bones/27/rotation = Quaternion(1.63364e-08, 3.80105e-09, 0.0838528, 0.996478)
bones/28/rotation = Quaternion(-1.1123e-07, 3.67976e-10, -0.583716, 0.811958)
bones/29/rotation = Quaternion(-3.94007e-08, 5.53306e-09, -0.213626, 0.976916)

[node name="body" parent="Chimera_Armature/Skeleton3D" index="0"]
surface_material_override/0 = SubResource("StandardMaterial3D_8nyf6")

[node name="chestmouth" parent="Chimera_Armature/Skeleton3D" index="1"]
surface_material_override/0 = ExtResource("3_vb7qr")

[node name="headsword" parent="Chimera_Armature/Skeleton3D" index="2"]
surface_material_override/0 = ExtResource("4_y0ipx")

[node name="headwing-l" parent="Chimera_Armature/Skeleton3D" index="3"]
surface_material_override/0 = ExtResource("4_nulbd")

[node name="headwing-r" parent="Chimera_Armature/Skeleton3D" index="4"]
surface_material_override/0 = ExtResource("4_nulbd")

[node name="nose" parent="Chimera_Armature/Skeleton3D" index="5"]
surface_material_override/0 = ExtResource("4_y0ipx")

[node name="snot2" parent="Chimera_Armature/Skeleton3D" index="6"]
surface_material_override/0 = ExtResource("4_y0ipx")

[node name="squideyes" parent="Chimera_Armature/Skeleton3D" index="7"]
surface_material_override/0 = ExtResource("5_5k77k")
